% This file was created with JabRef 2.10b2.
% Encoding: UTF-8


@InCollection{bengio2012practical,
  Title                    = {Practical recommendations for gradient-based training of deep architectures},
  Author                   = {Bengio, Yoshua},
  Booktitle                = {Neural Networks: Tricks of the Trade},
  Publisher                = {Springer},
  Year                     = {2012},
  Pages                    = {437--478}
}

@Book{bishop1995neural,
  Title                    = {Neural networks for pattern recognition},
  Author                   = {Bishop, Christopher M},
  Publisher                = {Clarendon press Oxford},
  Year                     = {1995}
}

@Book{duda2012pattern,
  Title                    = {Pattern classification},
  Author                   = {Duda, Richard O and Hart, Peter E and Stork, David G},
  Publisher                = {John Wiley \& Sons},
  Year                     = {2012},

  Comment                  = {Chapters 6.1 -- 6.5 pp 282 -- 303},
  Owner                    = {lukaskrenz}
}

@InProceedings{glorot2010understanding,
  Title                    = {Understanding the difficulty of training deep feedforward neural networks},
  Author                   = {Glorot, Xavier and Bengio, Yoshua},
  Booktitle                = {International conference on artificial intelligence and statistics},
  Year                     = {2010},
  Pages                    = {249--256}
}

@InProceedings{glorot2011deep,
  Title                    = {Deep sparse rectifier networks},
  Author                   = {Glorot, Xavier and Bordes, Antoine and Bengio, Yoshua},
  Booktitle                = {Proceedings of the 14th International Conference on Artificial Intelligence and Statistics. JMLR W\&CP Volume},
  Year                     = {2011},
  Pages                    = {315--323},
  Volume                   = {15}
}

@Book{Hastie2009,
  Title                    = {The elements of statistical learning},
  Author                   = {Hastie, Trevor and Tibshirani, Robert and Friedman, Jerome and Hastie, T and Friedman, J and Tibshirani, R},
  Publisher                = {Springer},
  Year                     = {2009},
  Number                   = {1},
  Volume                   = {2}
}

@InProceedings{ngiam2011optimization,
  Title                    = {On optimization methods for deep learning},
  Author                   = {Ngiam, Jiquan and Coates, Adam and Lahiri, Ahbik and Prochnow, Bobby and Le, Quoc V and Ng, Andrew Y},
  Booktitle                = {Proceedings of the 28th International Conference on Machine Learning (ICML-11)},
  Year                     = {2011},
  Pages                    = {265--272}
}

@Article{rumelhart1988learning,
  Title                    = {Learning representations by back-propagating errors},
  Author                   = {Rumelhart, David E and Hinton, Geoffrey E and Williams, Ronald J},
  Journal                  = {Cognitive modeling},
  Year                     = {1988},
  Volume                   = {5}
}

